@inproceedings{bovi2017sew,
  title={SEW-EMBED at SemEval-2017 Task 2: Language-Independent Concept Representations from a Semantically Enriched Wikipedia},
  author={Bovi, Claudio Delli and Raganato, Alessandro},
  booktitle={Proceedings of the 11th International Workshop on Semantic Evaluation (SemEval 2017). Vancouver, Canada},
  year={2017}
}
@inproceedings{reynolds2011using,
  title={Using machine learning to detect cyberbullying},
  author={Reynolds, Kelly and Kontostathis, April and Edwards, Lynne},
  booktitle={Machine learning and applications and workshops (ICMLA), 2011 10th International Conference on},
  volume={2},
  pages={241--244},
  year={2011},
  organization={IEEE}
}
@article{hosseini2017deceiving,
  title={Deceiving Google's Perspective API Built for Detecting Toxic Comments},
  author={Hosseini, Hossein and Kannan, Sreeram and Zhang, Baosen and Poovendran, Radha},
  journal={arXiv preprint arXiv:1702.08138},
  year={2017}
}
@article{fleiss1973equivalence,
  title={The equivalence of weighted kappa and the intraclass correlation coefficient as measures of reliability},
  author={Fleiss, Joseph L and Cohen, Jacob},
  journal={Educational and psychological measurement},
  volume={33},
  number={3},
  pages={613--619},
  year={1973},
  publisher={Sage Publications Sage CA: Thousand Oaks, CA}
}
@InProceedings{joulin2017bag,
  title={Bag of Tricks for Efficient Text Classification},
  author={Joulin, Armand and Grave, Edouard and Bojanowski, Piotr and Mikolov, Tomas},
  booktitle={Proceedings of the 15th Conference of the European Chapter of the Association for Computational Linguistics: Volume 2, Short Papers},
  month={April},
  year={2017},
  publisher={Association for Computational Linguistics},
  pages={427--431},
}
@book{manning1999foundations,
  title={Foundations of statistical natural language processing},
  author={Manning, Christopher D and Manning, Christopher D and Sch{\"u}tze, Hinrich},
  year={1999},
  publisher={MIT press}
}
@article{marcus2018deep,
  title={Deep learning: A critical appraisal},
  author={Marcus, Gary},
  journal={arXiv preprint arXiv:1801.00631},
  year={2018}
}
@article{dunning1993accurate,
  title={Accurate methods for the statistics of surprise and coincidence},
  author={Dunning, Ted},
  journal={Computational linguistics},
  volume={19},
  number={1},
  pages={61--74},
  year={1993},
  publisher={MIT Press}
}
@book{przepiorkowski2012narodowy,
  author = {Przepi\'orkowski, Adam and Ba\'nko, Mirosław and Górski, Rafał and Lewandowska-Tomaszczyk, Barbara},
  year = {2012},
  title = {Narodowy Korpus J\;ezyka Polskiego},
  publisher={Wydawnictwo Naukowe PWN}
}
@inproceedings{radziszewski2011maca,
  author = {Adam Radziszewski and Tomasz \'{S}niatowski},
  title = {Maca -- a configurable tool to integrate {P}olish morphological data},
  booktitle = {Proceedings of the Second International Workshop on Free/Open-Source Rule-Based Machine Translation},
  year = {2011},
  location = {Barcelona, Spain}
}
@inproceedings{wrobel2017krnnt,
  author       = "Wr\'obel, Krzysztof",
  editor       = "Vetulani, Zygmunt and Paroubek, Patrick",
  title        = "KRNNT: Polish Recurrent Neural Network Tagger",
  year         = "2017",
  booktitle    = "Proceedings of the 8th Language \& Technology Conference: Human Language Technologies as a Challenge for Computer Science and Linguistics",
  publisher    = "Fundacja Uniwersytetu im. Adama Mickiewicza w~Poznaniu",
  pages        = {386-391},
  pdf          = "http://ltc.amu.edu.pl/book/papers/PolEval1-6.pdf"
}
@inproceedings{wolinski2006morfeusz,
  title={Morfeusz -- a practical tool for the morphological analysis of {P}olish},
  author={Woli{\'n}ski, Marcin},
  booktitle={Intelligent Information Processing and Web Mining},
  pages={511--520},
  year={2006},
  publisher={Springer}
}
@inproceedings{stolcke2002srilm,
  title={{SRILM} -- an extensible language modeling toolkit},
  author={Stolcke, Andreas},
  booktitle={Seventh international conference on spoken language processing},
  year={2002}
}
@inproceedings{akbik2018contextual,
  title={Contextual string embeddings for sequence labeling},
  author={Akbik, Alan and Blythe, Duncan and Vollgraf, Roland},
  booktitle={Proceedings of the 27th International Conference on Computational Linguistics},
  pages={1638--1649},
  year={2018}
}
@article{mikolov2013efficient,
  title={Efficient estimation of word representations in vector space},
  author={Mikolov, Tomas and Chen, Kai and Corrado, Greg and Dean, Jeffrey},
  journal={arXiv preprint arXiv:1301.3781},
  year={2013}
}
@inproceedings{pennington2014glove,
  author = {Jeffrey Pennington and Richard Socher and Christopher D. Manning},
  booktitle = {Empirical Methods in Natural Language Processing (EMNLP)},
  title = {GloVe: Global Vectors for Word Representation},
  year = {2014},
  pages = {1532--1543},
  url = {http://www.aclweb.org/anthology/D14-1162},
}
@article{bojanowski2017enriching,
  title={Enriching Word Vectors with Subword Information},
  author={Bojanowski, Piotr and Grave, Edouard and Joulin, Armand and Mikolov, Tomas},
  journal={Transactions of the Association for Computational Linguistics},
  volume={5},
  year={2017},
  issn={2307-387X},
  pages={135--146}
}
@inproceedings{peters2018deep,
  author={Peters, Matthew E. and  Neumann, Mark and Iyyer, Mohit and Gardner, Matt and Clark, Christopher and Lee, Kenton and Zettlemoyer, Luke},
  title={Deep contextualized word representations},
  booktitle={Proc. of NAACL},
  year={2018}
}
@article{devlin2018bert,
  title={Bert: Pre-training of deep bidirectional transformers for language understanding},
  author={Devlin, Jacob and Chang, Ming-Wei and Lee, Kenton and Toutanova, Kristina},
  journal={arXiv preprint arXiv:1810.04805},
  year={2018}
}
@article{rajpurkar2016squad,
    title={{SQuAD}: 100,000+ {Q}uestions for {M}achine {C}omprehension of {T}ext},
    author={Pranav Rajpurkar and Jian Zhang and Konstantin Lopyrev and Percy Liang},
    year={2016},
    eprint={1606.05250},
    archivePrefix={arXiv},
    primaryClass={cs.CL},
    journal={arXiv preprint arXiv:1606.05250}
}
@article{rajpurkar2018know,
   title={Know What You Don’t Know: Unanswerable Questions for SQuAD},
   url={http://dx.doi.org/10.18653/v1/P18-2124},
   DOI={10.18653/v1/p18-2124},
   journal={Proceedings of the 56th Annual Meeting of the Association for Computational Linguistics (Volume 2: Short Papers)},
   publisher={Association for Computational Linguistics},
   author={Rajpurkar, Pranav and Jia, Robin and Liang, Percy},
   year={2018}
}
@misc{vaswani2017attention,
    title={Attention Is All You Need},
    author={Ashish Vaswani and Noam Shazeer and Niki Parmar and Jakob Uszkoreit and Llion Jones and Aidan N. Gomez and Lukasz Kaiser and Illia Polosukhin},
    year={2017},
    eprint={1706.03762},
    archivePrefix={arXiv},
    primaryClass={cs.CL}
}
@inproceedings{yang2015wikiqa,
    title = "{W}iki{QA}: A Challenge Dataset for Open-Domain Question Answering",
    author = "Yang, Yi  and
      Yih, Wen-tau  and
      Meek, Christopher",
    booktitle = "Proceedings of the 2015 Conference on Empirical Methods in Natural Language Processing",
    month = sep,
    year = "2015",
    address = "Lisbon, Portugal",
    publisher = "Association for Computational Linguistics",
    url = "https://www.aclweb.org/anthology/D15-1237",
    doi = "10.18653/v1/D15-1237",
    pages = "2013--2018",
}
@misc{hermann2015teaching,
    title={Teaching Machines to Read and Comprehend},
    author={Karl Moritz Hermann and Tomáš Kočiský and Edward Grefenstette and Lasse Espeholt and Will Kay and Mustafa Suleyman and Phil Blunsom},
    year={2015},
    eprint={1506.03340},
    archivePrefix={arXiv},
    primaryClass={cs.CL}
}
@misc{bajaj2016ms,
    title={{MS MARCO}: A Human Generated MAchine Reading COmprehension Dataset},
    author={Payal Bajaj and Daniel Campos and Nick Craswell and Li Deng and Jianfeng Gao and Xiaodong Liu and Rangan Majumder and Andrew McNamara and Bhaskar Mitra and Tri Nguyen and Mir Rosenberg and Xia Song and Alina Stoica and Saurabh Tiwary and Tong Wang},
    year={2016},
    eprint={1611.09268},
    archivePrefix={arXiv},
    primaryClass={cs.CL}
}
@article{joshi2017triviaqa,
   title={TriviaQA: A Large Scale Distantly Supervised Challenge Dataset for
            Reading Comprehension},
   url={http://dx.doi.org/10.18653/v1/P17-1147},
   DOI={10.18653/v1/p17-1147},
   journal={Proceedings of the 55th Annual Meeting of the Association for
          Computational Linguistics (Volume 1: Long Papers)},
   publisher={Association for Computational Linguistics},
   author={Joshi, Mandar and Choi, Eunsol and Weld, Daniel and Zettlemoyer, Luke},
   year={2017}
}
@misc{zhong2019jecqa,
    title={{JEC-QA: A Legal-Domain Question Answering Dataset}},
    author={Haoxi Zhong and Chaojun Xiao and Cunchao Tu and Tianyang Zhang and Zhiyuan Liu and Maosong Sun},
    year={2019},
    eprint={1911.12011},
    archivePrefix={arXiv},
    primaryClass={cs.CL}
}
@inproceedings{smywinski2019application,
  title={{Application of Character-Level Language Models in the Domain of Polish Statutory Law}},
  author={Smywiński-Pohl, Aleksander and Wr{\'o}bel, Krzysztof and Lasocki, Karol},
  booktitle={Legal Knowledge and Information Systems: JURIX 2019: The Thirty-second Annual Conference},
  volume={322},
  pages={217},
  year={2019},
  organization={IOS Press}
}
@misc{liu2019roberta,
    title={RoBERTa: A Robustly Optimized BERT Pretraining Approach},
    author={Yinhan Liu and Myle Ott and Naman Goyal and Jingfei Du and Mandar Joshi and Danqi Chen and Omer Levy and Mike Lewis and Luke Zettlemoyer and Veselin Stoyanov},
    year={2019},
    eprint={1907.11692},
    archivePrefix={arXiv},
    primaryClass={cs.CL}
}
@misc{lan2019albert,
    title={ALBERT: A Lite BERT for Self-supervised Learning of Language Representations},
    author={Zhenzhong Lan and Mingda Chen and Sebastian Goodman and Kevin Gimpel and Piyush Sharma and Radu Soricut},
    year={2019},
    eprint={1909.11942},
    archivePrefix={arXiv},
    primaryClass={cs.CL}
}
@misc{yang2019xlnet,
    title={XLNet: Generalized Autoregressive Pretraining for Language Understanding},
    author={Zhilin Yang and Zihang Dai and Yiming Yang and Jaime Carbonell and Ruslan Salakhutdinov and Quoc V. Le},
    year={2019},
    eprint={1906.08237},
    archivePrefix={arXiv},
    primaryClass={cs.CL}
}
@misc{rybak2020klej,
    title={KLEJ: Comprehensive Benchmark for Polish Language Understanding},
    author={Piotr Rybak and Robert Mroczkowski and Janusz Tracz and Ireneusz Gawlik},
    year={2020},
    eprint={2005.00630},
    archivePrefix={arXiv},
    primaryClass={cs.CL}
}
@misc{radford2017learning,
    title={Learning to Generate Reviews and Discovering Sentiment},
    author={Alec Radford and Rafal Jozefowicz and Ilya Sutskever},
    year={2017},
    eprint={1704.01444},
    archivePrefix={arXiv},
    primaryClass={cs.LG}
}
@misc{conneau2019unsupervised,
    title={Unsupervised Cross-lingual Representation Learning at Scale},
    author={Alexis Conneau and Kartikay Khandelwal and Naman Goyal and Vishrav Chaudhary and Guillaume Wenzek and Francisco Guzmán and Edouard Grave and Myle Ott and Luke Zettlemoyer and Veselin Stoyanov},
    year={2019},
    eprint={1911.02116},
    archivePrefix={arXiv},
    primaryClass={cs.CL}
}
@inproceedings{gardner2017allennlp,
  title={{AllenNLP: A Deep Semantic Natural Language Processing Platform}},
  author={Matt Gardner and Joel Grus and Mark Neumann and Oyvind Tafjord
    and Pradeep Dasigi and Nelson F. Liu and Matthew Peters and
    Michael Schmitz and Luke S. Zettlemoyer},
  year={2017},
  Eprint = {arXiv:1803.07640},
}
@article{wolf2019huggingfaces,
  title={{HuggingFace's Transformers: State-of-the-art Natural Language Processing}},
  author={Thomas Wolf and Lysandre Debut and Victor Sanh and Julien Chaumond and Clement Delangue and Anthony Moi and Pierric Cistac and Tim Rault and R'emi Louf and Morgan Funtowicz and Jamie Brew},
  journal={ArXiv},
  year={2019},
  volume={abs/1910.03771}
}
@article{dodge2019show,
   title={{Show Your Work: Improved Reporting of Experimental Results}},
   url={http://dx.doi.org/10.18653/v1/D19-1224},
   DOI={10.18653/v1/d19-1224},
   journal={Proceedings of the 2019 Conference on Empirical Methods in Natural Language Processing and the 9th International Joint Conference on Natural Language Processing (EMNLP-IJCNLP)},
   publisher={Association for Computational Linguistics},
   author={Dodge, Jesse and Gururangan, Suchin and Card, Dallas and Schwartz, Roy and Smith, Noah A.},
   year={2019}
}
@inproceedings{roller2014inclusive,
  title={Inclusive yet selective: Supervised distributional hypernymy detection},
  author={Roller, Stephen and Erk, Katrin and Boleda, Gemma},
  booktitle={Proceedings of COLING 2014, the 25th International Conference on Computational Linguistics: Technical Papers},
  pages={1025--1036},
  year={2014}
}
@incollection{pezik2012wyszukiwarka,
  author       = {P\k{e}zik, Piotr},
  year         = "2012",
  editor       = {Przepi\'orkowski, Adam and Ba\'nko, Mirosław and Górski, Rafał and Lewandowska-Tomaszczyk, Barbara},
  title        = {Wyszukiwarka {PELCRA} dla danych {NKJP}},
  booktitle    = {Narodowy {Korpus} {J\k{e}zyka} {Polskiego}},
  publisher    = {Wydawnictwo Naukowe PWN},
  pages        = {253--279}
}
@inproceedings{mikolov2013distributed,
  title={Distributed representations of words and phrases and their compositionality},
  author={Mikolov, Tomas and Sutskever, Ilya and Chen, Kai and Corrado, Greg S and Dean, Jeff},
  booktitle={Advances in neural information processing systems},
  pages={3111--3119},
  year={2013}
}
@article{lebret2013word,
  title={Word emdeddings through hellinger PCA},
  author={Lebret, R{\'e}mi and Collobert, Ronan},
  journal={arXiv preprint arXiv:1312.5542},
  year={2013}
}
@article{kim2014convolutional,
  title={Convolutional neural networks for sentence classification},
  author={Kim, Yoon},
  journal={arXiv preprint arXiv:1408.5882},
  year={2014}
}
@article{shwartz2016improving,
  title={Improving hypernymy detection with an integrated path-based and distributional method},
  author={Shwartz, Vered and Goldberg, Yoav and Dagan, Ido},
  journal={arXiv preprint arXiv:1603.06076},
  year={2016}
}
@inproceedings{chen2014fast,
  title={A fast and accurate dependency parser using neural networks},
  author={Chen, Danqi and Manning, Christopher},
  booktitle={Proceedings of the 2014 conference on empirical methods in natural language processing (EMNLP)},
  pages={740--750},
  year={2014}
}
@article{riley1996meaning,
  title={The meaning of words in english legal texts: Mastering the vocabulary of the law—a legal task},
  author={Riley, Alison},
  journal={The Law Teacher},
  volume={30},
  number={1},
  pages={68--83},
  year={1996},
  publisher={Taylor \& Francis}
}
@book{alcaraz2014legal,
  title={Legal translation explained},
  author={Alcaraz, Enrique and Hughes, Brian},
  year={2014},
  publisher={Routledge}
}
@inproceedings{jungiewicz2014unsupervised,
  title={Unsupervised keyword extraction from Polish legal texts},
  author={Jungiewicz, Micha{\l} and {\L}opuszy{\'n}ski, Micha{\l}},
  booktitle={International Conference on Natural Language Processing},
  pages={65--70},
  year={2014},
  organization={Springer}
}
@inproceedings{marcinczuk2017inforex,
  title={Inforex—A collaborative system for text corpora annotation and analysis},
  author={Marci{\'n}czuk, Micha{\l} and Oleksy, Marcin and Koco{\'n}, Jan},
  booktitle={Proceedings of the international conference recent advances in natural language processing, RANLP},
  pages={473--482},
  year={2017},
  organization={INCOMA Shoumen}
}
@book{martin2002agile,
  title={Agile software development: principles, patterns, and practices},
  author={Martin, Robert C},
  year={2002},
  publisher={Prentice Hall}
}
@article{hochreiter1997long,
  title={Long short-term memory},
  author={Hochreiter, Sepp and Schmidhuber, J{\"u}rgen},
  journal={Neural computation},
  volume={9},
  number={8},
  pages={1735--1780},
  year={1997},
  publisher={MIT Press}
}
@article{schuster1997bidirectional,
  title={Bidirectional recurrent neural networks},
  author={Schuster, Mike and Paliwal, Kuldip K},
  journal={IEEE Transactions on Signal Processing},
  volume={45},
  number={11},
  pages={2673--2681},
  year={1997},
  publisher={IEEE}
}
@article{wang2018glue,
  title={GLUE: A multi-task benchmark and analysis platform for natural language understanding},
  author={Wang, Alex and Singh, Amanpreet and Michael, Julian and Hill, Felix and Levy, Omer and Bowman, Samuel R},
  journal={arXiv preprint arXiv:1804.07461},
  year={2018}
}
@article{straka2014morphodita,
  title={MorphoDiTa: Morphological Dictionary and Tagger},
  author={Straka, Milan and Strakov{\'a}, Jana},
  year={2014},
  publisher={Charles University, Faculty of Mathematics and Physics, Institute of Formal~…}
}
@misc{brown2020language,
      title={Language Models are Few-Shot Learners}, 
      author={Tom B. Brown and Benjamin Mann and Nick Ryder and Melanie Subbiah and Jared Kaplan and Prafulla Dhariwal and Arvind Neelakantan and Pranav Shyam and Girish Sastry and Amanda Askell and Sandhini Agarwal and Ariel Herbert-Voss and Gretchen Krueger and Tom Henighan and Rewon Child and Aditya Ramesh and Daniel M. Ziegler and Jeffrey Wu and Clemens Winter and Christopher Hesse and Mark Chen and Eric Sigler and Mateusz Litwin and Scott Gray and Benjamin Chess and Jack Clark and Christopher Berner and Sam McCandlish and Alec Radford and Ilya Sutskever and Dario Amodei},
      year={2020},
      eprint={2005.14165},
      archivePrefix={arXiv},
      primaryClass={cs.CL}
}
@misc{chen2021evaluating,
      title={Evaluating Large Language Models Trained on Code}, 
      author={Mark Chen and Jerry Tworek and Heewoo Jun and Qiming Yuan and Henrique Ponde de Oliveira Pinto and Jared Kaplan and Harri Edwards and Yuri Burda and Nicholas Joseph and Greg Brockman and Alex Ray and Raul Puri and Gretchen Krueger and Michael Petrov and Heidy Khlaaf and Girish Sastry and Pamela Mishkin and Brooke Chan and Scott Gray and Nick Ryder and Mikhail Pavlov and Alethea Power and Lukasz Kaiser and Mohammad Bavarian and Clemens Winter and Philippe Tillet and Felipe Petroski Such and Dave Cummings and Matthias Plappert and Fotios Chantzis and Elizabeth Barnes and Ariel Herbert-Voss and William Hebgen Guss and Alex Nichol and Alex Paino and Nikolas Tezak and Jie Tang and Igor Babuschkin and Suchir Balaji and Shantanu Jain and William Saunders and Christopher Hesse and Andrew N. Carr and Jan Leike and Josh Achiam and Vedant Misra and Evan Morikawa and Alec Radford and Matthew Knight and Miles Brundage and Mira Murati and Katie Mayer and Peter Welinder and Bob McGrew and Dario Amodei and Sam McCandlish and Ilya Sutskever and Wojciech Zaremba},
      year={2021},
      eprint={2107.03374},
      archivePrefix={arXiv},
      primaryClass={cs.LG}
}
@article{kwiatkowski2019natural,
  title	= {Natural Questions: a Benchmark for Question Answering Research},
  author	= {Tom Kwiatkowski and Jennimaria Palomaki and Olivia Redfield and Michael Collins and Ankur Parikh and Chris Alberti and Danielle Epstein and Illia Polosukhin and Matthew Kelcey and Jacob Devlin and Kenton Lee and Kristina N. Toutanova and Llion Jones and Ming-Wei Chang and Andrew Dai and Jakob Uszkoreit and Quoc Le and Slav Petrov},
  year	= {2019},
  journal	= {Transactions of the Association of Computational Linguistics}
}
@misc{joshi2020spanbert,
      title={SpanBERT: Improving Pre-training by Representing and Predicting Spans}, 
      author={Mandar Joshi and Danqi Chen and Yinhan Liu and Daniel S. Weld and Luke Zettlemoyer and Omer Levy},
      year={2020},
      eprint={1907.10529},
      archivePrefix={arXiv},
      primaryClass={cs.CL}
}
@inproceedings{rabelo2021summary,
  title={Summary of the Competition on Legal Information Extraction/Entailment (COLIEE) 2021},
  author={Juliano Rabelo and Randy Goebel and Mi-Young Kim and Yoshinobu Kano and Masaharu Yoshioka and Ken Satoh},
  booktitle={Proceedings of the Eigth International Competition on Legal Information Extraction/Entailment (COLIEE 2021)},
  year={2021}
}
@inproceedings{weiyi2020aila,
  title={AILA: A Question Answering System in the Legal Domain},
  author={Weiyi Huang and Jiahao Jiang and Qiang Qu and Min Yang},
  booktitle={Proceedings of the Twenty-Ninth International Joint Conference on Artificial Intelligence (IJCAI-20)},
  year={2020}
}
@inproceedings{sovrano2021dataset,
  title={A Dataset for Evaluating Legal Question Answering on Private International Law},
  author={Francesco Sovrano and Monica Palmirani and Biagio Distefano and Salvatore Sapienza and Fabio Vitali},
  booktitle={18th International Conference on Fifteenth International Conference on Artificial Artificial
    Intelligence Intelligence and Law (ICAIL 2021)},
  year={2021}
}
@inproceedings{mcelvain2019westsearch,
  title={Westsearch plus: A non-factoid question-answering system for the legal domain},
  author={McElvain, Gayle and Sanchez, George and Matthews, Sean and Teo, Don and Pompili, Filippo and Custis, Tonya},
  booktitle={Proceedings of the 42nd International ACM SIGIR Conference on Research and Development in Information Retrieval},
  pages={1361--1364},
  year={2019}
}
@misc{chen2017reading,
      title={Reading Wikipedia to Answer Open-Domain Questions}, 
      author={Danqi Chen and Adam Fisch and Jason Weston and Antoine Bordes},
      year={2017},
      eprint={1704.00051},
      archivePrefix={arXiv},
      primaryClass={cs.CL}
}
@incollection{sovrano2020legal,
  title={Legal Knowledge Extraction for Knowledge Graph Based Question-Answering},
  author={Sovrano, Francesco and Palmirani, Monica and Vitali, Fabio},
  booktitle={Legal Knowledge and Information Systems},
  pages={143--153},
  year={2020},
  publisher={IOS Press}
}
@proceedings{ogrodniczuk21proceedings,
  editor    = {Maciej Ogrodniczuk and Łukasz Kobyliński},
  title     = {{Proceedings of the PolEval 2021 Workshop}},
  year      = {2021},
  address   = {Warsaw, Poland},
  publisher = {Institute of Computer Science, Polish Academy of Sciences},
  url       = {http://poleval.pl/files/poleval2021.pdf},
  isbn      = "978-83-63159-31-3"}
}
@article{humphreys2021populating,
	title = {Populating legal ontologies using semantic role labeling},
	volume = {29},
	issn = {1572-8382},
	url = {https://doi.org/10.1007/s10506-020-09271-3},
	doi = {10.1007/s10506-020-09271-3},
	abstract = {This article seeks to address the problem of the ‘resource consumption bottleneck’ of creating legal semantic technologies manually. It describes a semantic role labeling based information extraction system to extract definitions and norms from legislation and represent them as structured norms in legal ontologies. The output is intended to help make laws more accessible, understandable, and searchable in a legal document management system.},
	language = {en},
	number = {2},
	urldate = {2022-05-10},
	journal = {Artificial Intelligence and Law},
	author = {Humphreys, Llio and Boella, Guido and van der Torre, Leendert and Robaldo, Livio and Di Caro, Luigi and Ghanavati, Sepideh and Muthuri, Robert},
	month = jun,
	year = {2021},
	pages = {171--211},
}

@inproceedings{tuora2022towards,
  title={Towards a Polish Question Answering Dataset (PoQuAD)},
  author={Tuora, Ryszard and Zawadzka-Paluektau, Natalia and Klamra, Cezary and Zwierzchowska, Aleksandra and Kobyli{\'n}ski, {\L}ukasz},
  booktitle={International Conference on Asian Digital Libraries},
  pages={194--203},
  year={2022},
  organization={Springer}
}

@article{rybak2023maupqa,
  title={MAUPQA: Massive Automatically-created Polish Question Answering Dataset},
  author={Rybak, Piotr},
  journal={arXiv preprint arXiv:2305.05486},
  year={2023}
}

@article{mroczkowski2021herbert,
  title={HerBERT: Efficiently pretrained transformer-based language model for Polish},
  author={Mroczkowski, Robert and Rybak, Piotr and Wr{\'o}blewska, Alina and Gawlik, Ireneusz},
  journal={arXiv preprint arXiv:2105.01735},
  year={2021}
}
@article{wenzek2019ccnet,
  title={CCNet: Extracting high quality monolingual datasets from web crawl data},
  author={Wenzek, Guillaume and Lachaux, Marie-Anne and Conneau, Alexis and Chaudhary, Vishrav and Guzm{\'a}n, Francisco and Joulin, Armand and Grave, Edouard},
  journal={arXiv preprint arXiv:1911.00359},
  year={2019}
}
@article{longpre2021mkqa,
  title={MKQA: A linguistically diverse benchmark for multilingual open domain question answering},
  author={Longpre, Shayne and Lu, Yi and Daiber, Joachim},
  journal={Transactions of the Association for Computational Linguistics},
  volume={9},
  pages={1389--1406},
  year={2021},
  publisher={MIT Press One Rogers Street, Cambridge, MA 02142-1209, USA journals-info~…}
}
@article{de2021mfaq,
  title={MFAQ: a multilingual FAQ dataset},
  author={De Bruyn, Maxime and Lotfi, Ehsan and Buhmann, Jeska and Daelemans, Walter},
  journal={arXiv preprint arXiv:2109.12870},
  year={2021}
}
@article{rybak2022improving,
  title={Improving question answering performance through manual annotation: Costs, benefits and strategies},
  author={Rybak, Piotr and Przyby{\l}a, Piotr and Ogrodniczuk, Maciej},
  journal={arXiv preprint arXiv:2212.08897},
  year={2022}
}
@article{wojtasik2023beir,
  title={BEIR-PL: Zero Shot Information Retrieval Benchmark for the Polish Language},
  author={Wojtasik, Konrad and Shishkin, Vadim and Wo{\l}owiec, Kacper and Janz, Arkadiusz and Piasecki, Maciej},
  journal={arXiv preprint arXiv:2305.19840},
  year={2023}
}
@article{thakur2021beir,
  title={Beir: A heterogenous benchmark for zero-shot evaluation of information retrieval models},
  author={Thakur, Nandan and Reimers, Nils and R{\"u}ckl{\'e}, Andreas and Srivastava, Abhishek and Gurevych, Iryna},
  journal={arXiv preprint arXiv:2104.08663},
  year={2021}
}
@article{yu2022coco,
  title={Coco-dr: Combating distribution shifts in zero-shot dense retrieval with contrastive and distributionally robust learning},
  author={Yu, Yue and Xiong, Chenyan and Sun, Si and Zhang, Chao and Overwijk, Arnold},
  journal={arXiv preprint arXiv:2210.15212},
  year={2022}
}
@article{xue2020mt5,
  title={mT5: A massively multilingual pre-trained text-to-text transformer},
  author={Xue, Linting and Constant, Noah and Roberts, Adam and Kale, Mihir and Al-Rfou, Rami and Siddhant, Aditya and Barua, Aditya and Raffel, Colin},
  journal={arXiv preprint arXiv:2010.11934},
  year={2020}
}
@article{chrabrowa2022evaluation,
  title={Evaluation of transfer learning for {P}olish with a text-to-text model},
  author={Chrabrowa, Aleksandra and Dragan, {\L}ukasz and Grzegorczyk, Karol and Kajtoch, Dariusz and Koszowski, Miko{\l}aj and Mroczkowski, Robert and Rybak, Piotr},
  journal={arXiv preprint arXiv:2205.08808},
  year={2022}
}
@article{lewis2019bart,
  title={Bart: Denoising sequence-to-sequence pre-training for natural language generation, translation, and comprehension},
  author={Lewis, Mike and Liu, Yinhan and Goyal, Naman and Ghazvininejad, Marjan and Mohamed, Abdelrahman and Levy, Omer and Stoyanov, Ves and Zettlemoyer, Luke},
  journal={arXiv preprint arXiv:1910.13461},
  year={2019}
}
@article{ouyang2022training,
  title={Training language models to follow instructions with human feedback},
  author={Ouyang, Long and Wu, Jeffrey and Jiang, Xu and Almeida, Diogo and Wainwright, Carroll and Mishkin, Pamela and Zhang, Chong and Agarwal, Sandhini and Slama, Katarina and Ray, Alex and others},
  journal={Advances in Neural Information Processing Systems},
  volume={35},
  pages={27730--27744},
  year={2022}
}
@article{raffel2020exploring,
  title={Exploring the limits of transfer learning with a unified text-to-text transformer},
  author={Raffel, Colin and Shazeer, Noam and Roberts, Adam and Lee, Katherine and Narang, Sharan and Matena, Michael and Zhou, Yanqi and Li, Wei and Liu, Peter J},
  journal={The Journal of Machine Learning Research},
  volume={21},
  number={1},
  pages={5485--5551},
  year={2020},
  publisher={JMLRORG}
}
@article{chia2023instructeval,
  title={INSTRUCTEVAL: Towards Holistic Evaluation of Instruction-Tuned Large Language Models},
  author={Chia, Yew Ken and Hong, Pengfei and Bing, Lidong and Poria, Soujanya},
  journal={arXiv preprint arXiv:2306.04757},
  year={2023}
}
@article{martinez2023survey,
  title={A survey on legal question--answering systems},
  author={Martinez-Gil, Jorge},
  journal={Computer Science Review},
  volume={48},
  pages={100552},
  year={2023},
  publisher={Elsevier}
}
@inproceedings{qi2020stanza,
 author = {Qi, Peng and Zhang, Yuhao and Zhang, Yuhui and Bolton, Jason and Manning, Christopher D.},
 booktitle = {Proceedings of the 58th Annual Meeting of the Association for Computational Linguistics: System Demonstrations},
 title = {Stanza: A {Python} Natural Language Processing Toolkit for Many Human Languages},
 url = {https://nlp.stanford.edu/pubs/qi2020stanza.pdf},
 year = {2020}
}

@inproceedings{fawei2018methodology,
  title={A methodology for a criminal law and procedure ontology for legal question answering},
  author={Fawei, Biralatei and Pan, Jeff Z and Kollingbaum, Martin and Wyner, Adam Z},
  booktitle={Semantic Technology: 8th Joint International Conference, JIST 2018, Awaji, Japan, November 26--28, 2018, Proceedings 8},
  pages={198--214},
  year={2018},
  organization={Springer}
}

@article{filtz2021linked,
  title={The linked legal data landscape: linking legal data across different countries},
  author={Filtz, Erwin and Kirrane, Sabrina and Polleres, Axel},
  journal={Artificial Intelligence and Law},
  volume={29},
  number={4},
  pages={485--539},
  year={2021},
  publisher={Springer}
}


@book{sanderson2021practical,
  title={A Practical Guide to Legal Research},
  author={Sanderson, Jay and Stamboulakis, Drossos and Kelly, Kim},
  year={2021},
  publisher={Lawbook Co.}
}
@article{zhong2020building,
  title={A building regulation question answering system: A deep learning methodology},
  author={Zhong, Botao and He, Wanlei and Huang, Ziwei and Love, Peter ED and Tang, Junqing and Luo, Hanbin},
  journal={Advanced Engineering Informatics},
  volume={46},
  pages={101195},
  year={2020},
  publisher={Elsevier}
}
@article{chung2022scaling,
  title={Scaling instruction-finetuned language models},
  author={Chung, Hyung Won and Hou, Le and Longpre, Shayne and Zoph, Barret and Tay, Yi and Fedus, William and Li, Eric and Wang, Xuezhi and Dehghani, Mostafa and Brahma, Siddhartha and others},
  journal={arXiv preprint arXiv:2210.11416},
  year={2022}
}
@article{lewis2020retrieval,
  title={Retrieval-augmented generation for knowledge-intensive nlp tasks},
  author={Lewis, Patrick and Perez, Ethan and Piktus, Aleksandra and Petroni, Fabio and Karpukhin, Vladimir and Goyal, Naman and K{\"u}ttler, Heinrich and Lewis, Mike and Yih, Wen-tau and Rockt{\"a}schel, Tim and others},
  journal={Advances in Neural Information Processing Systems},
  volume={33},
  pages={9459--9474},
  year={2020}
}
@misc{openai2023gpt4,
      title={GPT-4 Technical Report}, 
      author={OpenAI},
      year={2023},
      eprint={2303.08774},
      archivePrefix={arXiv},
      primaryClass={cs.CL}
}
@article{ap2023lawyers,
 author  = {AP},
 date    = {2023-06-23},
 title   = {Lawyers fined for filing bogus case law created by ChatGPT},
 journal = {CBS News},
 url     = {https://www.cbsnews.com/news/chatgpt-judge-fines-lawyers-who-used-ai/},
 urldate = {2023-09-13}
}